<collection xmlns="http://www.loc.gov/MARC21/slim">
<record>
  <leader>00945nx  a2200205   450 </leader>
  <controlfield tag="001">IT\ICCU\BVEV\063836</controlfield>
  <controlfield tag="005">20030429000000.0</controlfield>
  <datafield tag="010" ind1=" " ind2=" ">
    <subfield code="a">0000000419675788</subfield>
  </datafield>
  <datafield tag="015" ind1=" " ind2=" ">
    <subfield code="a">0000000419675788</subfield>
  </datafield>
  <datafield tag="100" ind1=" " ind2=" ">
    <subfield code="a">19991014aitaa50      ba0</subfield>
  </datafield>
  <datafield tag="102" ind1=" " ind2=" ">
    <subfield code="a">IT</subfield>
  </datafield>
  <datafield tag="152" ind1=" " ind2=" ">
    <subfield code="a">RICA</subfield>
  </datafield>
  <datafield tag="200" ind1=" " ind2="1">
    <subfield code="a">Abbati</subfield>
    <subfield code="b">, Giovanni Battista</subfield>
  </datafield>
  <datafield tag="300" ind1=" " ind2=" ">
    <subfield code="a">fl. 1716-1723 // Poeta veneziano</subfield>
  </datafield>
  <datafield tag="400" ind1=" " ind2="1">
    <subfield code="a">Abati</subfield>
    <subfield code="b">, Giovanni Battista</subfield>
    <subfield code="3">IT\ICCU\AUFV\000249</subfield>
  </datafield>
  <datafield tag="801" ind1=" " ind2="3">
    <subfield code="a">IT</subfield>
    <subfield code="b"></subfield>
    <subfield code="c">20161212</subfield>
  </datafield>
  <datafield tag="810" ind1=" " ind2=" ">
    <subfield code="a">Ferrari, Luigi. Onomasticon. Repertorio bio-bibliografico degli scrittori italiani dal 1501 al 1850. Milano, 1947</subfield>
  </datafield>
  <datafield tag="810" ind1=" " ind2=" ">
    <subfield code="a">IBN: Index bio-bibliographicus notorum hominum edidit Jean-Pierre Lobies ; poi! ediderunt Otto et Wolfram Zeller. Osnabruck, Biblio Verlag . poi! F. Dietrich, 1972-</subfield>
  </datafield>
  <datafield tag="810" ind1=" " ind2=" ">
    <subfield code="a">Archivio biografico italiano. A cura di Tommaso Nappo. Munchen etc., K.G. Saur, 1987-1996. (MICROFICHES)</subfield>
  </datafield>
  <datafield tag="810" ind1=" " ind2=" ">
    <subfield code="a">Primo catalogo collettivo delle biblioteche italiane. Roma, ICCU 1962-1983</subfield>
  </datafield>
</record>