
<record>
  <leader>00999nx  a2200181   450 </leader>
  <controlfield tag="001">IT\ICCU\CFIV\003692</controlfield>
  <controlfield tag="005">20100903121648.8</controlfield>
  <datafield tag="010" ind1=" " ind2=" ">
    <subfield code="a">0000000355289561</subfield>
  </datafield>
  <datafield tag="015" ind1=" " ind2=" ">
    <subfield code="a">0000000355289561</subfield>
  </datafield>
  <datafield tag="100" ind1=" " ind2=" ">
    <subfield code="a">19851217aitaa50      ba0</subfield>
  </datafield>
  <datafield tag="102" ind1=" " ind2=" ">
    <subfield code="a">IT</subfield>
  </datafield>
  <datafield tag="152" ind1=" " ind2=" ">
    <subfield code="a">RICA</subfield>
  </datafield>
  <datafield tag="200" ind1=" " ind2="1">
    <subfield code="a">Abate</subfield>
    <subfield code="b">, Rocco </subfield>
    <subfield code="f">&lt;1950-    &gt;</subfield>
  </datafield>
  <datafield tag="300" ind1=" " ind2=" ">
    <subfield code="a">1950- // Compositore musicale. Diplomato al conservatorio di Milano in flauto, strumentazione per banda e compositore. Nato a Oriolo (CS)</subfield>
  </datafield>
  <datafield tag="801" ind1=" " ind2="3">
    <subfield code="a">IT</subfield>
    <subfield code="b"></subfield>
    <subfield code="c">20161212</subfield>
  </datafield>
  <datafield tag="810" ind1=" " ind2=" ">
    <subfield code="a">Bibliografia nazionale italiana: nuova serie del bollettino delle pubblicazioni italiane ricevute per diritto di stampa a cura della Biblioteca nazionale centrale di Firenze. A. 1, n. 1 (gen. 1958)- Firenze, Centro nazionale per il catalogo unico delle biblioteche italiane e per le informazioni bibliografiche, 1958- (CDROM </subfield>
  </datafield>
  <datafield tag="815" ind1=" " ind2=" ">
    <subfield code="a">Dizionario enciclopedico universale della musica e dei musicisti diretto da Alberto Basso. Torino, UTET, 1990-</subfield>
  </datafield>
  <datafield tag="830" ind1=" " ind2=" ">
    <subfield code="a">&lt;Visto sito 3/09/2010: http://www.roccoabate.it/&gt;</subfield>
  </datafield>
</record>