
<record>
  <leader>01075nx  a2200205   450 </leader>
  <controlfield tag="001">IT\ICCU\CFIV\059870</controlfield>
  <controlfield tag="005">20140120114704.8</controlfield>
  <datafield tag="010" ind1=" " ind2=" ">
    <subfield code="a">0000000120959719</subfield>
  </datafield>
  <datafield tag="015" ind1=" " ind2=" ">
    <subfield code="a">0000000120959719</subfield>
  </datafield>
  <datafield tag="100" ind1=" " ind2=" ">
    <subfield code="a">19890531aitaa50      ba0</subfield>
  </datafield>
  <datafield tag="101" ind1=" " ind2=" ">
    <subfield code="a">ita</subfield>
  </datafield>
  <datafield tag="102" ind1=" " ind2=" ">
    <subfield code="a">IT</subfield>
  </datafield>
  <datafield tag="152" ind1=" " ind2=" ">
    <subfield code="a">RICA</subfield>
  </datafield>
  <datafield tag="200" ind1=" " ind2="1">
    <subfield code="a">Abbado</subfield>
    <subfield code="b">, Claudio</subfield>
  </datafield>
  <datafield tag="300" ind1=" " ind2=" ">
    <subfield code="a">1933-2014 // Direttore d&apos;orchestra, pianista, senatore a vita (30 agosto 2013). Nato a Milano e morto a Bologna.</subfield>
  </datafield>
  <datafield tag="801" ind1=" " ind2="3">
    <subfield code="a">IT</subfield>
    <subfield code="b"></subfield>
    <subfield code="c">20161212</subfield>
  </datafield>
  <datafield tag="810" ind1=" " ind2=" ">
    <subfield code="a">Catalogo in linea della Library of Congress http://catalog.loc.gov</subfield>
  </datafield>
  <datafield tag="810" ind1=" " ind2=" ">
    <subfield code="a">World biographical Index. Internet-edition. K. G. Saur Eletronic Publishing Munchen: www.saur-wbi.de</subfield>
  </datafield>
  <datafield tag="810" ind1=" " ind2=" ">
    <subfield code="a">Bibliografia nazionale italiana: nuova serie del bollettino delle pubblicazioni italiane ricevute per diritto di stampa a cura della Biblioteca nazionale centrale di Firenze. A. 1, n. 1 (gen. 1958)- Firenze, Centro nazionale per il catalogo unico delle biblioteche italiane e per le informazioni bibliografiche, 1958- (CDROM </subfield>
  </datafield>
  <datafield tag="830" ind1=" " ind2=" ">
    <subfield code="a">#Sito visto 20.01.2014: http://it.wikipedia.org/wiki/Claudio_Abbado#</subfield>
  </datafield>
</record>