
<record>
  <leader>00357nx  a2200121   450 </leader>
  <controlfield tag="001">IT\ICCU\CFIV\151624</controlfield>
  <controlfield tag="005">19960119000000.0</controlfield>
  <datafield tag="100" ind1=" " ind2=" ">
    <subfield code="a">19960119xitaa50      ba0</subfield>
  </datafield>
  <datafield tag="152" ind1=" " ind2=" ">
    <subfield code="a">RICA</subfield>
  </datafield>
  <datafield tag="210" ind1="0" ind2="2">
    <subfield code="a">A.M.A. Calabria</subfield>
  </datafield>
  <datafield tag="410" ind1="0" ind2="2">
    <subfield code="a">Associazione manifestazioni artistiche Calabria</subfield>
    <subfield code="3">IT\ICCU\CFIV\151625</subfield>
  </datafield>
  <datafield tag="410" ind1="0" ind2="2">
    <subfield code="a">A.M.A</subfield>
    <subfield code="c">&lt;Lamezia Terme&gt;</subfield>
    <subfield code="3">IT\ICCU\CFIV\151627</subfield>
  </datafield>
  <datafield tag="801" ind1=" " ind2="3">
    <subfield code="a">IT</subfield>
    <subfield code="b"></subfield>
    <subfield code="c">20161212</subfield>
  </datafield>
</record>