
<record>
  <leader>01061nx  a2200193   450 </leader>
  <controlfield tag="001">IT\ICCU\CUBV\000068</controlfield>
  <controlfield tag="005">20150312142034.0</controlfield>
  <datafield tag="100" ind1=" " ind2=" ">
    <subfield code="a">19970911aitaa50      ba0</subfield>
  </datafield>
  <datafield tag="102" ind1=" " ind2=" ">
    <subfield code="a">IT</subfield>
  </datafield>
  <datafield tag="152" ind1=" " ind2=" ">
    <subfield code="a">RICA</subfield>
  </datafield>
  <datafield tag="200" ind1=" " ind2="1">
    <subfield code="a">Abbate</subfield>
    <subfield code="b">, Gennaro Michele</subfield>
  </datafield>
  <datafield tag="300" ind1=" " ind2=" ">
    <subfield code="a">1874-1954 // Compositore, maestro di musica</subfield>
  </datafield>
  <datafield tag="400" ind1=" " ind2="1">
    <subfield code="a">Abbate</subfield>
    <subfield code="b">, Gennaro Maria &lt;1874-1954&gt;</subfield>
    <subfield code="3">IT\ICCU\SBNV\041391</subfield>
  </datafield>
  <datafield tag="400" ind1=" " ind2="1">
    <subfield code="a">Abbate</subfield>
    <subfield code="b">, Gennaro</subfield>
    <subfield code="3">IT\ICCU\SBNV\041392</subfield>
  </datafield>
  <datafield tag="801" ind1=" " ind2="3">
    <subfield code="a">IT</subfield>
    <subfield code="b"></subfield>
    <subfield code="c">20161212</subfield>
  </datafield>
  <datafield tag="810" ind1=" " ind2=" ">
    <subfield code="a">IBN: Index bio-bibliographicus notorum hominum edidit Jean-Pierre Lobies ; poi! ediderunt Otto et Wolfram Zeller. Osnabruck, Biblio Verlag . poi! F. Dietrich, 1972-</subfield>
  </datafield>
  <datafield tag="810" ind1=" " ind2=" ">
    <subfield code="a">Archivio biografico italiano. A cura di Tommaso Nappo. Munchen etc., K.G. Saur, 1987-1996. (MICROFICHES)</subfield>
  </datafield>
  <datafield tag="810" ind1=" " ind2=" ">
    <subfield code="a">Catalogo cumulativo 1886-1957 del Bollettino delle pubblicazioni italiane (CUBI) ricevute per diritto di stampa dalla Biblioteca Nazionale Centrale di Firenze, Nendeln, Kraus, 1968, 41 v. (Rist. anast. dell ed: Roma, 1958)</subfield>
  </datafield>
  <datafield tag="815" ind1=" " ind2=" ">
    <subfield code="a">Primo catalogo collettivo delle biblioteche italiane. Roma, ICCU 1962-1983</subfield>
  </datafield>
</record>