
<record>
  <leader>00227nx  a2200097   450 </leader>
  <controlfield tag="001">IT\ICCU\INTV\000247</controlfield>
  <controlfield tag="005">20141103123544.1</controlfield>
  <datafield tag="100" ind1=" " ind2=" ">
    <subfield code="a">19890420xitaa50      ba0</subfield>
  </datafield>
  <datafield tag="152" ind1=" " ind2=" ">
    <subfield code="a">RICA</subfield>
  </datafield>
  <datafield tag="200" ind1=" " ind2="1">
    <subfield code="a">Abbadia</subfield>
    <subfield code="b">, Luigia </subfield>
    <subfield code="f">&lt;cantante&gt;</subfield>
  </datafield>
  <datafield tag="801" ind1=" " ind2="3">
    <subfield code="a">IT</subfield>
    <subfield code="b"></subfield>
    <subfield code="c">20161212</subfield>
  </datafield>
</record>