
<record>
  <leader>00227nx  a2200097   450 </leader>
  <controlfield tag="001">IT\ICCU\INTV\024717</controlfield>
  <controlfield tag="005">20150312111126.4</controlfield>
  <datafield tag="100" ind1=" " ind2=" ">
    <subfield code="a">19981030xitaa50      ba0</subfield>
  </datafield>
  <datafield tag="152" ind1=" " ind2=" ">
    <subfield code="a">RICA</subfield>
  </datafield>
  <datafield tag="200" ind1=" " ind2="1">
    <subfield code="a">Abati</subfield>
    <subfield code="b">, Giuseppe </subfield>
    <subfield code="f">&lt;fl. 1783&gt;</subfield>
  </datafield>
  <datafield tag="801" ind1=" " ind2="3">
    <subfield code="a">IT</subfield>
    <subfield code="b"></subfield>
    <subfield code="c">20161212</subfield>
  </datafield>
</record>