
<record>
  <leader>00972nx  a2200205   450 </leader>
  <controlfield tag="001">IT\ICCU\LO1V\089687</controlfield>
  <controlfield tag="005">20010911000000.0</controlfield>
  <datafield tag="010" ind1=" " ind2=" ">
    <subfield code="a">000000011839136X</subfield>
  </datafield>
  <datafield tag="015" ind1=" " ind2=" ">
    <subfield code="a">000000011839136X</subfield>
  </datafield>
  <datafield tag="100" ind1=" " ind2=" ">
    <subfield code="a">19930216aitaa50      ba0</subfield>
  </datafield>
  <datafield tag="102" ind1=" " ind2=" ">
    <subfield code="a">IT</subfield>
  </datafield>
  <datafield tag="152" ind1=" " ind2=" ">
    <subfield code="a">RICA</subfield>
  </datafield>
  <datafield tag="200" ind1=" " ind2="1">
    <subfield code="a">Abati</subfield>
    <subfield code="b">, Antonio</subfield>
  </datafield>
  <datafield tag="300" ind1=" " ind2=" ">
    <subfield code="a">1604?-1667 // Poeta e prosatore umbro, accademico Caliginoso d&apos;Ancona, Insensato di Perugia</subfield>
  </datafield>
  <datafield tag="801" ind1=" " ind2="3">
    <subfield code="a">IT</subfield>
    <subfield code="b"></subfield>
    <subfield code="c">20161212</subfield>
  </datafield>
  <datafield tag="810" ind1=" " ind2=" ">
    <subfield code="a">IBN: Index bio-bibliographicus notorum hominum edidit Jean-Pierre Lobies ; poi! ediderunt Otto et Wolfram Zeller. Osnabruck, Biblio Verlag . poi! F. Dietrich, 1972-</subfield>
  </datafield>
  <datafield tag="810" ind1=" " ind2=" ">
    <subfield code="a">Archivio biografico italiano. A cura di Tommaso Nappo. Munchen etc., K.G. Saur, 1987-1996. (MICROFICHES)</subfield>
  </datafield>
  <datafield tag="810" ind1=" " ind2=" ">
    <subfield code="a">Primo catalogo collettivo delle biblioteche italiane. Roma, ICCU 1962-1983</subfield>
  </datafield>
  <datafield tag="810" ind1=" " ind2=" ">
    <subfield code="a">Dizionario biografico degli italiani. Roma, Istituto della Enciclopedia italiana, 1960-</subfield>
  </datafield>
  <datafield tag="830" ind1=" " ind2=" ">
    <subfield code="a">Data di nascita riportata su IBN: 1604, su ABI: 1616</subfield>
  </datafield>
</record>