
<record>
  <leader>00240nx  a2200097   450 </leader>
  <controlfield tag="001">IT\ICCU\LO1V\186388</controlfield>
  <controlfield tag="005">20001020000000.0</controlfield>
  <datafield tag="100" ind1=" " ind2=" ">
    <subfield code="a">20001020xitaa50      ba0</subfield>
  </datafield>
  <datafield tag="152" ind1=" " ind2=" ">
    <subfield code="a">RICA</subfield>
  </datafield>
  <datafield tag="200" ind1=" " ind2="1">
    <subfield code="a">Abashidzé-Gorlenko</subfield>
    <subfield code="b">, Nina </subfield>
    <subfield code="f">&lt;principessa&gt;</subfield>
  </datafield>
  <datafield tag="801" ind1=" " ind2="3">
    <subfield code="a">IT</subfield>
    <subfield code="b"></subfield>
    <subfield code="c">20161212</subfield>
  </datafield>
</record>