
<record>
  <leader>00254nx  a2200109   450 </leader>
  <controlfield tag="001">IT\ICCU\MUSV\000007</controlfield>
  <controlfield tag="005">20050809124155.8</controlfield>
  <datafield tag="100" ind1=" " ind2=" ">
    <subfield code="a">19970617xitaa50      ba0</subfield>
  </datafield>
  <datafield tag="152" ind1=" " ind2=" ">
    <subfield code="a">RICA</subfield>
  </datafield>
  <datafield tag="200" ind1=" " ind2="1">
    <subfield code="a">A.</subfield>
    <subfield code="b">, C. </subfield>
    <subfield code="f">&lt;sec.15.-16.&gt;</subfield>
  </datafield>
  <datafield tag="300" ind1=" " ind2=" ">
    <subfield code="a"> sec.15.-16. // </subfield>
  </datafield>
  <datafield tag="801" ind1=" " ind2="3">
    <subfield code="a">IT</subfield>
    <subfield code="b"></subfield>
    <subfield code="c">20161212</subfield>
  </datafield>
</record>