
<record>
  <leader>00202nx  a2200097   450 </leader>
  <controlfield tag="001">IT\ICCU\MUSV\000028</controlfield>
  <controlfield tag="005">19981229000000.0</controlfield>
  <datafield tag="100" ind1=" " ind2=" ">
    <subfield code="a">19981229xitaa50      ba0</subfield>
  </datafield>
  <datafield tag="152" ind1=" " ind2=" ">
    <subfield code="a">RICA</subfield>
  </datafield>
  <datafield tag="200" ind1=" " ind2="0">
    <subfield code="a">A. G.</subfield>
  </datafield>
  <datafield tag="801" ind1=" " ind2="3">
    <subfield code="a">IT</subfield>
    <subfield code="b"></subfield>
    <subfield code="c">20161212</subfield>
  </datafield>
</record>