
<record>
  <leader>00764nx  a2200193   450 </leader>
  <controlfield tag="001">IT\ICCU\MUSV\000061</controlfield>
  <controlfield tag="005">20151218114122.4</controlfield>
  <datafield tag="100" ind1=" " ind2=" ">
    <subfield code="a">20030507aitaa50      ba0</subfield>
  </datafield>
  <datafield tag="101" ind1=" " ind2=" ">
    <subfield code="a">ita</subfield>
  </datafield>
  <datafield tag="102" ind1=" " ind2=" ">
    <subfield code="a">IT</subfield>
  </datafield>
  <datafield tag="152" ind1=" " ind2=" ">
    <subfield code="a">RICA</subfield>
  </datafield>
  <datafield tag="200" ind1=" " ind2="1">
    <subfield code="a">Aaron</subfield>
    <subfield code="b">, Pietro</subfield>
  </datafield>
  <datafield tag="300" ind1=" " ind2=" ">
    <subfield code="a">1489c-1545 // Teorico della musica e compositore, nato a Firenze, morto a Venezia</subfield>
  </datafield>
  <datafield tag="400" ind1=" " ind2="1">
    <subfield code="a">Aaron</subfield>
    <subfield code="b">, Piero</subfield>
    <subfield code="3">IT\ICCU\MUSV\000060</subfield>
  </datafield>
  <datafield tag="400" ind1=" " ind2="1">
    <subfield code="a">Aron</subfield>
    <subfield code="b">, Pietro</subfield>
    <subfield code="3">IT\ICCU\SBNV\044479</subfield>
  </datafield>
  <datafield tag="801" ind1=" " ind2="3">
    <subfield code="a">IT</subfield>
    <subfield code="b"></subfield>
    <subfield code="c">20161212</subfield>
  </datafield>
  <datafield tag="810" ind1=" " ind2=" ">
    <subfield code="a">Grove Music Online / ed. L. Macy. - &lt;http//wwww.grovemusic.com&gt;</subfield>
  </datafield>
  <datafield tag="810" ind1=" " ind2=" ">
    <subfield code="a">Dizionario biografico degli italiani. Roma, Istituto della Enciclopedia italiana, 1960-</subfield>
  </datafield>
  <datafield tag="810" ind1=" " ind2=" ">
    <subfield code="a">Dizionario enciclopedico universale della musica e dei musicisti diretto da Alberto Basso. Torino, UTET, 1990-</subfield>
  </datafield>
</record>