
<record>
  <leader>00310nx  a2200121   450 </leader>
  <controlfield tag="001">IT\ICCU\MUSV\000083</controlfield>
  <controlfield tag="005">20040103000000.0</controlfield>
  <datafield tag="100" ind1=" " ind2=" ">
    <subfield code="a">20030901xitaa50      ba0</subfield>
  </datafield>
  <datafield tag="152" ind1=" " ind2=" ">
    <subfield code="a">RICA</subfield>
  </datafield>
  <datafield tag="200" ind1=" " ind2="1">
    <subfield code="a">Abbadia</subfield>
    <subfield code="b">, Natale </subfield>
    <subfield code="f">&lt;1782-1861&gt;</subfield>
  </datafield>
  <datafield tag="300" ind1=" " ind2=" ">
    <subfield code="a">&lt;1782-1861&gt;</subfield>
  </datafield>
  <datafield tag="400" ind1=" " ind2="1">
    <subfield code="a">Abadia</subfield>
    <subfield code="b">, Natale</subfield>
    <subfield code="3">IT\ICCU\MUSV\083675</subfield>
  </datafield>
  <datafield tag="801" ind1=" " ind2="3">
    <subfield code="a">IT</subfield>
    <subfield code="b"></subfield>
    <subfield code="c">20161212</subfield>
  </datafield>
</record>