
<record>
  <leader>00278nx  a2200109   450 </leader>
  <controlfield tag="001">IT\ICCU\MUSV\000102</controlfield>
  <controlfield tag="005">20040103000000.0</controlfield>
  <datafield tag="100" ind1=" " ind2=" ">
    <subfield code="a">19981027xitaa50      ba0</subfield>
  </datafield>
  <datafield tag="152" ind1=" " ind2=" ">
    <subfield code="a">RICA</subfield>
  </datafield>
  <datafield tag="200" ind1=" " ind2="1">
    <subfield code="a">Abbati</subfield>
    <subfield code="b">, Francesco Maria </subfield>
    <subfield code="f">&lt;vescovo di Rieti&gt;</subfield>
  </datafield>
  <datafield tag="300" ind1=" " ind2=" ">
    <subfield code="a">&lt;vescovo di Rieti&gt;</subfield>
  </datafield>
  <datafield tag="801" ind1=" " ind2="3">
    <subfield code="a">IT</subfield>
    <subfield code="b"></subfield>
    <subfield code="c">20161212</subfield>
  </datafield>
</record>