
<record>
  <leader>00311nx  a2200121   450 </leader>
  <controlfield tag="001">IT\ICCU\MUSV\000114</controlfield>
  <controlfield tag="005">20160428123434.7</controlfield>
  <datafield tag="100" ind1=" " ind2=" ">
    <subfield code="a">19980521xitaa50      ba0</subfield>
  </datafield>
  <datafield tag="152" ind1=" " ind2=" ">
    <subfield code="a">RICA</subfield>
  </datafield>
  <datafield tag="200" ind1=" " ind2="1">
    <subfield code="a">Abbiate</subfield>
    <subfield code="b">, Luigi </subfield>
    <subfield code="f">&lt;1866-1933&gt;</subfield>
  </datafield>
  <datafield tag="300" ind1=" " ind2=" ">
    <subfield code="a">1866-1933 // </subfield>
  </datafield>
  <datafield tag="400" ind1=" " ind2="1">
    <subfield code="a">Abbiate</subfield>
    <subfield code="b">, Louis</subfield>
    <subfield code="3">IT\ICCU\MUSV\000113</subfield>
  </datafield>
  <datafield tag="801" ind1=" " ind2="3">
    <subfield code="a">IT</subfield>
    <subfield code="b"></subfield>
    <subfield code="c">20161212</subfield>
  </datafield>
</record>