
<record>
  <leader>00221nx  a2200097   450 </leader>
  <controlfield tag="001">IT\ICCU\MUSV\016059</controlfield>
  <controlfield tag="005">20161012114304.9</controlfield>
  <datafield tag="100" ind1=" " ind2=" ">
    <subfield code="a">20030605xitaa50      ba0</subfield>
  </datafield>
  <datafield tag="152" ind1=" " ind2=" ">
    <subfield code="a">RICA</subfield>
  </datafield>
  <datafield tag="210" ind1="0" ind2="2">
    <subfield code="a">Groos, Christian Theodor</subfield>
  </datafield>
  <datafield tag="801" ind1=" " ind2="3">
    <subfield code="a">IT</subfield>
    <subfield code="b"></subfield>
    <subfield code="c">20161212</subfield>
  </datafield>
</record>