
<record>
  <leader>00384nx  a2200145   450 </leader>
  <controlfield tag="001">IT\ICCU\MUSV\019293</controlfield>
  <controlfield tag="005">20161012123623.4</controlfield>
  <datafield tag="100" ind1=" " ind2=" ">
    <subfield code="a">19890627xitaa50      ba0</subfield>
  </datafield>
  <datafield tag="101" ind1=" " ind2=" ">
    <subfield code="a">spa</subfield>
  </datafield>
  <datafield tag="102" ind1=" " ind2=" ">
    <subfield code="a">ES</subfield>
  </datafield>
  <datafield tag="152" ind1=" " ind2=" ">
    <subfield code="a">RICA</subfield>
  </datafield>
  <datafield tag="200" ind1=" " ind2="1">
    <subfield code="a">Zúñiga y Avellaneda</subfield>
    <subfield code="b">, Francisco : de</subfield>
  </datafield>
  <datafield tag="300" ind1=" " ind2=" ">
    <subfield code="a">16. sec. // Conte di Miranda</subfield>
  </datafield>
  <datafield tag="400" ind1=" " ind2="1">
    <subfield code="a">Çuñiga</subfield>
    <subfield code="b">, Francisco : de</subfield>
    <subfield code="3">IT\ICCU\SBNV\048081</subfield>
  </datafield>
  <datafield tag="801" ind1=" " ind2="3">
    <subfield code="a">ES</subfield>
    <subfield code="b"></subfield>
    <subfield code="c">20161212</subfield>
  </datafield>
</record>