
<record>
  <leader>00292nx  a2200121   450 </leader>
  <controlfield tag="001">IT\ICCU\MUSV\052172</controlfield>
  <controlfield tag="005">20160301131913.3</controlfield>
  <datafield tag="100" ind1=" " ind2=" ">
    <subfield code="a">19981023xitaa50      ba0</subfield>
  </datafield>
  <datafield tag="152" ind1=" " ind2=" ">
    <subfield code="a">RICA</subfield>
  </datafield>
  <datafield tag="200" ind1=" " ind2="0">
    <subfield code="a">Abbate Pitigliano</subfield>
  </datafield>
  <datafield tag="300" ind1=" " ind2=" ">
    <subfield code="a">&lt;abate&gt;</subfield>
  </datafield>
  <datafield tag="400" ind1=" " ind2="0">
    <subfield code="a">Abate Pitigliano</subfield>
    <subfield code="3">IT\ICCU\SBNV\033136</subfield>
  </datafield>
  <datafield tag="801" ind1=" " ind2="3">
    <subfield code="a">IT</subfield>
    <subfield code="b"></subfield>
    <subfield code="c">20161212</subfield>
  </datafield>
</record>