
<record>
  <leader>00523nx  a2200169   450 </leader>
  <controlfield tag="001">IT\ICCU\MUSV\073240</controlfield>
  <controlfield tag="005">20161012130704.9</controlfield>
  <datafield tag="010" ind1=" " ind2=" ">
    <subfield code="a">0000000027125947</subfield>
  </datafield>
  <datafield tag="015" ind1=" " ind2=" ">
    <subfield code="a">0000000027125947</subfield>
  </datafield>
  <datafield tag="100" ind1=" " ind2=" ">
    <subfield code="a">20020321xitaa50      ba0</subfield>
  </datafield>
  <datafield tag="101" ind1=" " ind2=" ">
    <subfield code="a">ger</subfield>
  </datafield>
  <datafield tag="102" ind1=" " ind2=" ">
    <subfield code="a">DE</subfield>
  </datafield>
  <datafield tag="152" ind1=" " ind2=" ">
    <subfield code="a">RICA</subfield>
  </datafield>
  <datafield tag="200" ind1=" " ind2="1">
    <subfield code="a">Hessen-Darmstadt</subfield>
    <subfield code="b">, Emil : von</subfield>
  </datafield>
  <datafield tag="300" ind1=" " ind2=" ">
    <subfield code="a">1790-1856 // Principe, figlio del granduca Ludwig, nato a Darmstadt, morto a Baden-Baden</subfield>
  </datafield>
  <datafield tag="801" ind1=" " ind2="3">
    <subfield code="a">DE</subfield>
    <subfield code="b"></subfield>
    <subfield code="c">20161212</subfield>
  </datafield>
  <datafield tag="830" ind1=" " ind2=" ">
    <subfield code="a">#https://de.wikipedia.org/wiki/Emil_von_Hessen-Darmstadt# (Ott. 2016)</subfield>
  </datafield>
</record>