
<record>
  <leader>00316nx  a2200121   450 </leader>
  <controlfield tag="001">IT\ICCU\MUSV\086542</controlfield>
  <controlfield tag="005">20040103000000.0</controlfield>
  <datafield tag="100" ind1=" " ind2=" ">
    <subfield code="a">20030728xitaa50      ba0</subfield>
  </datafield>
  <datafield tag="152" ind1=" " ind2=" ">
    <subfield code="a">RICA</subfield>
  </datafield>
  <datafield tag="200" ind1=" " ind2="1">
    <subfield code="a">Abbiati</subfield>
    <subfield code="b">, Antonio </subfield>
    <subfield code="f">&lt;macchinista&gt;</subfield>
  </datafield>
  <datafield tag="300" ind1=" " ind2=" ">
    <subfield code="a">&lt;macchinista&gt;</subfield>
  </datafield>
  <datafield tag="400" ind1=" " ind2="1">
    <subfield code="a">Abiati</subfield>
    <subfield code="b">, Antonio</subfield>
    <subfield code="3">IT\ICCU\MUSV\000153</subfield>
  </datafield>
  <datafield tag="801" ind1=" " ind2="3">
    <subfield code="a">IT</subfield>
    <subfield code="b"></subfield>
    <subfield code="c">20161212</subfield>
  </datafield>
</record>