
<record>
  <leader>00755nx  a2200145   450 </leader>
  <controlfield tag="001">IT\ICCU\MUSV\087250</controlfield>
  <controlfield tag="005">20090723093326.3</controlfield>
  <datafield tag="100" ind1=" " ind2=" ">
    <subfield code="a">20030424aitaa50      ba0</subfield>
  </datafield>
  <datafield tag="102" ind1=" " ind2=" ">
    <subfield code="a">IT</subfield>
  </datafield>
  <datafield tag="152" ind1=" " ind2=" ">
    <subfield code="a">RICA</subfield>
  </datafield>
  <datafield tag="200" ind1=" " ind2="1">
    <subfield code="a">Abbado</subfield>
    <subfield code="b">, Roberto</subfield>
  </datafield>
  <datafield tag="300" ind1=" " ind2=" ">
    <subfield code="a">1954- // Direttore d&apos;orchestra. Nato a Milano.</subfield>
  </datafield>
  <datafield tag="801" ind1=" " ind2="3">
    <subfield code="a">IT</subfield>
    <subfield code="b"></subfield>
    <subfield code="c">20161212</subfield>
  </datafield>
  <datafield tag="810" ind1=" " ind2=" ">
    <subfield code="a">World biographical Index. Internet-edition. K. G. Saur Eletronic Publishing Munchen: www.saur-wbi.de</subfield>
  </datafield>
  <datafield tag="815" ind1=" " ind2=" ">
    <subfield code="a">Bibliografia nazionale italiana: nuova serie del bollettino delle pubblicazioni italiane ricevute per diritto di stampa a cura della Biblioteca nazionale centrale di Firenze. A. 1, n. 1 (gen. 1958)- Firenze, Centro nazionale per il catalogo unico delle biblioteche italiane e per le informazioni bibliografiche, 1958- (CDROM </subfield>
  </datafield>
</record>