
<record>
  <leader>01143nx  a2200193   450 </leader>
  <controlfield tag="001">IT\ICCU\PALV\017756</controlfield>
  <controlfield tag="005">20041206121229.3</controlfield>
  <datafield tag="010" ind1=" " ind2=" ">
    <subfield code="a">0000000364629281</subfield>
  </datafield>
  <datafield tag="015" ind1=" " ind2=" ">
    <subfield code="a">0000000364629281</subfield>
  </datafield>
  <datafield tag="100" ind1=" " ind2=" ">
    <subfield code="a">19920428aitaa50      ba0</subfield>
  </datafield>
  <datafield tag="102" ind1=" " ind2=" ">
    <subfield code="a">IT</subfield>
  </datafield>
  <datafield tag="152" ind1=" " ind2=" ">
    <subfield code="a">RICA</subfield>
  </datafield>
  <datafield tag="200" ind1=" " ind2="1">
    <subfield code="a">Abbate</subfield>
    <subfield code="b">, Onofrio</subfield>
  </datafield>
  <datafield tag="300" ind1=" " ind2=" ">
    <subfield code="a">1824-1915 // Medico e poligrafo originario di Palermo e trasferitosi in Egitto. Direttore dell&apos;ospedale di Alessandria d&apos;Egitto, medico capo della flotta egiziana, insignito del titolo di pascia&apos;</subfield>
  </datafield>
  <datafield tag="801" ind1=" " ind2="3">
    <subfield code="a">IT</subfield>
    <subfield code="b"></subfield>
    <subfield code="c">20161212</subfield>
  </datafield>
  <datafield tag="810" ind1=" " ind2=" ">
    <subfield code="a">IBN: Index bio-bibliographicus notorum hominum edidit Jean-Pierre Lobies ; poi! ediderunt Otto et Wolfram Zeller. Osnabruck, Biblio Verlag . poi! F. Dietrich, 1972-</subfield>
  </datafield>
  <datafield tag="810" ind1=" " ind2=" ">
    <subfield code="a">Archivio biografico italiano. A cura di Tommaso Nappo. Munchen etc., K.G. Saur, 1987-1996. (MICROFICHES)</subfield>
  </datafield>
  <datafield tag="810" ind1=" " ind2=" ">
    <subfield code="a">Primo catalogo collettivo delle biblioteche italiane. Roma, ICCU 1962-1983</subfield>
  </datafield>
  <datafield tag="810" ind1=" " ind2=" ">
    <subfield code="a">Catalogo cumulativo 1886-1957 del Bollettino delle pubblicazioni italiane (CUBI) ricevute per diritto di stampa dalla Biblioteca Nazionale Centrale di Firenze, Nendeln, Kraus, 1968, 41 v. (Rist. anast. dell ed: Roma, 1958)</subfield>
  </datafield>
</record>