
<record>
  <leader>01161nx  a2200193   450 </leader>
  <controlfield tag="001">IT\ICCU\RAVV\037393</controlfield>
  <controlfield tag="005">20081230095451.1</controlfield>
  <datafield tag="010" ind1=" " ind2=" ">
    <subfield code="a">0000000109298390</subfield>
  </datafield>
  <datafield tag="015" ind1=" " ind2=" ">
    <subfield code="a">0000000109298390</subfield>
  </datafield>
  <datafield tag="100" ind1=" " ind2=" ">
    <subfield code="a">19900104aitaa50      ba0</subfield>
  </datafield>
  <datafield tag="102" ind1=" " ind2=" ">
    <subfield code="a">IT</subfield>
  </datafield>
  <datafield tag="152" ind1=" " ind2=" ">
    <subfield code="a">RICA</subfield>
  </datafield>
  <datafield tag="200" ind1=" " ind2="1">
    <subfield code="a">Abbiati</subfield>
    <subfield code="b">, Franco </subfield>
    <subfield code="f">&lt;1898-1981&gt;</subfield>
  </datafield>
  <datafield tag="300" ind1=" " ind2=" ">
    <subfield code="a">1898-1981 // Critico musicale, giornalista del Corriere della sera, compositore. Nato e morto a Bergamo.</subfield>
  </datafield>
  <datafield tag="801" ind1=" " ind2="3">
    <subfield code="a">IT</subfield>
    <subfield code="b"></subfield>
    <subfield code="c">20161212</subfield>
  </datafield>
  <datafield tag="810" ind1=" " ind2=" ">
    <subfield code="a">IBN: Index bio-bibliographicus notorum hominum edidit Jean-Pierre Lobies ; poi! ediderunt Otto et Wolfram Zeller. Osnabruck, Biblio Verlag . poi! F. Dietrich, 1972-</subfield>
  </datafield>
  <datafield tag="810" ind1=" " ind2=" ">
    <subfield code="a">Catalogo in linea della Library of Congress http://catalog.loc.gov</subfield>
  </datafield>
  <datafield tag="810" ind1=" " ind2=" ">
    <subfield code="a">Archivio biografico italiano. A cura di Tommaso Nappo. Munchen etc., K.G. Saur, 1987-1996. (MICROFICHES)</subfield>
  </datafield>
  <datafield tag="810" ind1=" " ind2=" ">
    <subfield code="a">Bibliografia nazionale italiana: nuova serie del bollettino delle pubblicazioni italiane ricevute per diritto di stampa a cura della Biblioteca nazionale centrale di Firenze. A. 1, n. 1 (gen. 1958)- Firenze, Centro nazionale per il catalogo unico delle biblioteche italiane e per le informazioni bibliografiche, 1958- (CDROM </subfield>
  </datafield>
</record>