
<record>
  <leader>01247nx  a2200205   450 </leader>
  <controlfield tag="001">IT\ICCU\RAVV\068789</controlfield>
  <controlfield tag="005">20081229131721.1</controlfield>
  <datafield tag="010" ind1=" " ind2=" ">
    <subfield code="a">0000000119335941</subfield>
  </datafield>
  <datafield tag="015" ind1=" " ind2=" ">
    <subfield code="a">0000000119335941</subfield>
  </datafield>
  <datafield tag="100" ind1=" " ind2=" ">
    <subfield code="a">19920107aitaa50      ba0</subfield>
  </datafield>
  <datafield tag="102" ind1=" " ind2=" ">
    <subfield code="a">IT</subfield>
  </datafield>
  <datafield tag="152" ind1=" " ind2=" ">
    <subfield code="a">RICA</subfield>
  </datafield>
  <datafield tag="200" ind1=" " ind2="1">
    <subfield code="a">Abbado</subfield>
    <subfield code="b">, Michelangelo</subfield>
  </datafield>
  <datafield tag="300" ind1=" " ind2=" ">
    <subfield code="a">1890-1979 // Professore di violoncello, concertista, compositore</subfield>
  </datafield>
  <datafield tag="801" ind1=" " ind2="3">
    <subfield code="a">IT</subfield>
    <subfield code="b"></subfield>
    <subfield code="c">20161212</subfield>
  </datafield>
  <datafield tag="810" ind1=" " ind2=" ">
    <subfield code="a">IBN: Index bio-bibliographicus notorum hominum edidit Jean-Pierre Lobies ; poi! ediderunt Otto et Wolfram Zeller. Osnabruck, Biblio Verlag . poi! F. Dietrich, 1972-</subfield>
  </datafield>
  <datafield tag="810" ind1=" " ind2=" ">
    <subfield code="a">Archivio biografico italiano. A cura di Tommaso Nappo. Munchen etc., K.G. Saur, 1987-1996. (MICROFICHES)</subfield>
  </datafield>
  <datafield tag="810" ind1=" " ind2=" ">
    <subfield code="a">Bibliografia nazionale italiana: nuova serie del bollettino delle pubblicazioni italiane ricevute per diritto di stampa a cura della Biblioteca nazionale centrale di Firenze. A. 1, n. 1 (gen. 1958)- Firenze, Centro nazionale per il catalogo unico delle biblioteche italiane e per le informazioni bibliografiche, 1958- (CDROM </subfield>
  </datafield>
  <datafield tag="810" ind1=" " ind2=" ">
    <subfield code="a">Primo catalogo collettivo delle biblioteche italiane. Roma, ICCU 1962-1983</subfield>
  </datafield>
  <datafield tag="810" ind1=" " ind2=" ">
    <subfield code="a">Dizionario enciclopedico universale della musica e dei musicisti diretto da Alberto Basso. Torino, UTET, 1990-</subfield>
  </datafield>
</record>