
<record>
  <leader>00672nx  a2200157   450 </leader>
  <controlfield tag="001">IT\ICCU\RMLV\042081</controlfield>
  <controlfield tag="005">20041206121229.3</controlfield>
  <datafield tag="100" ind1=" " ind2=" ">
    <subfield code="a">20000606aitaa50      ba0</subfield>
  </datafield>
  <datafield tag="102" ind1=" " ind2=" ">
    <subfield code="a">IT</subfield>
  </datafield>
  <datafield tag="152" ind1=" " ind2=" ">
    <subfield code="a">RICA</subfield>
  </datafield>
  <datafield tag="200" ind1=" " ind2="1">
    <subfield code="a">Abbati Marescotti</subfield>
    <subfield code="b">, Paolo</subfield>
  </datafield>
  <datafield tag="300" ind1=" " ind2=" ">
    <subfield code="a">1812-1878 // Poeta, tragediografo</subfield>
  </datafield>
  <datafield tag="801" ind1=" " ind2="3">
    <subfield code="a">IT</subfield>
    <subfield code="b"></subfield>
    <subfield code="c">20161212</subfield>
  </datafield>
  <datafield tag="810" ind1=" " ind2=" ">
    <subfield code="a">IBN: Index bio-bibliographicus notorum hominum edidit Jean-Pierre Lobies ; poi! ediderunt Otto et Wolfram Zeller. Osnabruck, Biblio Verlag . poi! F. Dietrich, 1972-</subfield>
  </datafield>
  <datafield tag="810" ind1=" " ind2=" ">
    <subfield code="a">Primo catalogo collettivo delle biblioteche italiane. Roma, ICCU 1962-1983</subfield>
  </datafield>
  <datafield tag="810" ind1=" " ind2=" ">
    <subfield code="a">Catalogo dei libri italiani dell Ottocento, 1801-1900. Milano, Editrice Bibliografica, 1991</subfield>
  </datafield>
</record>