
<record>
  <leader>00222nx  a2200097   450 </leader>
  <controlfield tag="001">IT\ICCU\SBNV\012486</controlfield>
  <controlfield tag="005">20070725111347.7</controlfield>
  <datafield tag="100" ind1=" " ind2=" ">
    <subfield code="a">20070725xitaa50      ba0</subfield>
  </datafield>
  <datafield tag="152" ind1=" " ind2=" ">
    <subfield code="a">RICA</subfield>
  </datafield>
  <datafield tag="200" ind1=" " ind2="1">
    <subfield code="a">Abadie</subfield>
    <subfield code="b">, J. </subfield>
    <subfield code="f">&lt;cantante&gt;</subfield>
  </datafield>
  <datafield tag="801" ind1=" " ind2="3">
    <subfield code="a">IT</subfield>
    <subfield code="b"></subfield>
    <subfield code="c">20161212</subfield>
  </datafield>
</record>