
<record>
  <leader>00281nx  a2200109   450 </leader>
  <controlfield tag="001">IT\ICCU\SBNV\013135</controlfield>
  <controlfield tag="005">20131025130452.3</controlfield>
  <datafield tag="100" ind1=" " ind2=" ">
    <subfield code="a">20070904xitaa50      ba0</subfield>
  </datafield>
  <datafield tag="152" ind1=" " ind2=" ">
    <subfield code="a">RICA</subfield>
  </datafield>
  <datafield tag="200" ind1=" " ind2="1">
    <subfield code="a">Abbagnato-Milanesi</subfield>
    <subfield code="b">, Litterio</subfield>
  </datafield>
  <datafield tag="300" ind1=" " ind2=" ">
    <subfield code="a">1810-? // compositore. Nato a Messina</subfield>
  </datafield>
  <datafield tag="801" ind1=" " ind2="3">
    <subfield code="a">IT</subfield>
    <subfield code="b"></subfield>
    <subfield code="c">20161212</subfield>
  </datafield>
</record>