
<record>
  <leader>00225nx  a2200097   450 </leader>
  <controlfield tag="001">IT\ICCU\SBNV\013936</controlfield>
  <controlfield tag="005">20071009163009.7</controlfield>
  <datafield tag="100" ind1=" " ind2=" ">
    <subfield code="a">20071009xitaa50      ba0</subfield>
  </datafield>
  <datafield tag="152" ind1=" " ind2=" ">
    <subfield code="a">RICA</subfield>
  </datafield>
  <datafield tag="200" ind1=" " ind2="1">
    <subfield code="a">Abadia</subfield>
    <subfield code="b">, Luisa </subfield>
    <subfield code="f">&lt;cantante&gt;</subfield>
  </datafield>
  <datafield tag="801" ind1=" " ind2="3">
    <subfield code="a">IT</subfield>
    <subfield code="b"></subfield>
    <subfield code="c">20161212</subfield>
  </datafield>
</record>