
<record>
  <leader>00427nx  a2200133   450 </leader>
  <controlfield tag="001">IT\ICCU\UBOV\609266</controlfield>
  <controlfield tag="005">20020326000000.0</controlfield>
  <datafield tag="100" ind1=" " ind2=" ">
    <subfield code="a">20020326xitaa50      ba0</subfield>
  </datafield>
  <datafield tag="152" ind1=" " ind2=" ">
    <subfield code="a">RICA</subfield>
  </datafield>
  <datafield tag="200" ind1=" " ind2="1">
    <subfield code="a">Abatessa</subfield>
    <subfield code="b">, Giovanni Battista</subfield>
  </datafield>
  <datafield tag="400" ind1=" " ind2="1">
    <subfield code="a">Abbatessa</subfield>
    <subfield code="b">, Giovanni Battista</subfield>
    <subfield code="3">IT\ICCU\UBOV\609286</subfield>
  </datafield>
  <datafield tag="400" ind1=" " ind2="1">
    <subfield code="a">Abadessa</subfield>
    <subfield code="b">, Giovanni Battista</subfield>
    <subfield code="3">IT\ICCU\UBOV\609288</subfield>
  </datafield>
  <datafield tag="400" ind1=" " ind2="1">
    <subfield code="a">Badessa</subfield>
    <subfield code="b">, Giovanni Battista</subfield>
    <subfield code="3">IT\ICCU\UBOV\609289</subfield>
  </datafield>
  <datafield tag="801" ind1=" " ind2="3">
    <subfield code="a">IT</subfield>
    <subfield code="b"></subfield>
    <subfield code="c">20161212</subfield>
  </datafield>
</record>
</collection>
